<?xml version="1.0" encoding="UTF-8" ?>
<collection xmlns:xsi="http://www.w3.org/2001/XMLSchema-instance" xsi:schemaLocation="http://www.loc.gov/MARC21/slim http://www.loc.gov/standards/marcxml/schema/MARC21slim.xsd" xmlns="http://www.loc.gov/MARC21/slim">
   <record>
      <leader>     cam a22     I  4500</leader>
      <controlfield tag="001">5108767</controlfield>
      <controlfield tag="003">NIC</controlfield>
      <controlfield tag="005">20141228140621.0</controlfield>
      <controlfield tag="008">811002s1968    iq       b    000 0 arar </controlfield>
      <datafield tag="010" ind1=" " ind2=" ">
         <subfield code="a">   78961610 </subfield>
      </datafield>
      <datafield tag="035" ind1=" " ind2=" ">
         <subfield code="a">5108767</subfield>
      </datafield>
      <datafield tag="035" ind1=" " ind2=" ">
         <subfield code="a">(OCoLC)7809829</subfield>
      </datafield>
      <datafield tag="040" ind1=" " ind2=" ">
         <subfield code="a">DLC</subfield>
         <subfield code="c">TKN</subfield>
         <subfield code="d">TKN</subfield>
         <subfield code="d">OCLCQ</subfield>
      </datafield>
      <datafield tag="050" ind1=" " ind2="4">
         <subfield code="a">KBL0.K58</subfield>
         <subfield code="b">T37</subfield>
      </datafield>
      <datafield tag="100" ind1="1" ind2=" ">
         <subfield code="a">al-Kishkī, Muḥammad ʻAbd al-Raḥīm.</subfield>
      </datafield>
      <datafield tag="245" ind1="1" ind2="3">
         <subfield code="a">al-Tarikah wa-mā yataʻallaqu bi-hā min al-huqūq</subfield>
         <subfield code="c">[taʾlīf] Muḥammad ʻAbd al-Raḥīm al-Kishkī.</subfield>
      </datafield>
      <datafield tag="260" ind1=" " ind2=" ">
         <subfield code="a">[Baghdād]</subfield>
         <subfield code="b">Dār al-nadhīr lil-ṭibāʻah wa-al-nashr</subfield>
         <subfield code="c">[1968]</subfield>
      </datafield>
      <datafield tag="300" ind1=" " ind2=" ">
         <subfield code="a">222 p.</subfield>
         <subfield code="c">24 cm.</subfield>
      </datafield>
      <datafield tag="500" ind1=" " ind2=" ">
         <subfield code="a">&quot;Mulakhkhaṣ al-durūs al-latī Ulqīyat ʻalā ṭullāb al-Mājlstīr fī qism al-Sharīʻah al-Islāmīyah-bi-maʻhad al-dirāsāt al-Islamīyah al-ulyā-bi-jamiʻat Baghdād Sanat 1967-1968.&quot;</subfield>
      </datafield>
      <datafield tag="504" ind1=" " ind2=" ">
         <subfield code="a">Bibliography: p. 213-215.</subfield>
      </datafield>
      <datafield tag="650" ind1=" " ind2="0">
         <subfield code="a">Inheritance and succession (Islamic law)</subfield>
      </datafield>
      <datafield tag="650" ind1=" " ind2="7">
         <subfield code="a">Inheritance and succession (Islamic law)</subfield>
         <subfield code="2">fast</subfield>
         <subfield code="0">(OCoLC)fst00973401</subfield>
      </datafield>
      <datafield tag="948" ind1="2" ind2=" ">
         <subfield code="a">20040715</subfield>
         <subfield code="b">x</subfield>
         <subfield code="d">arc3</subfield>
         <subfield code="e">lts</subfield>
         <subfield code="f">?</subfield>
         <subfield code="h">?</subfield>
      </datafield>
      <datafield tag="948" ind1="2" ind2=" ">
         <subfield code="a">20141228</subfield>
         <subfield code="b">m</subfield>
         <subfield code="d">batch</subfield>
         <subfield code="e">lts</subfield>
         <subfield code="x">addfast</subfield>
      </datafield>
      <datafield tag="903" ind1=" " ind2=" ">
         <subfield code="a">NYUACO</subfield>
         <subfield code="d">20150423</subfield>
         <subfield code="p">31924031141066</subfield>
      </datafield>
      <datafield tag="950" ind1=" " ind2=" ">
         <subfield code="a">K</subfield>
         <subfield code="b">.K615</subfield>
         <subfield code="v"> </subfield>
      </datafield>
   </record>
</collection>
